@misc{nasa_thrust,
    author       = "NASA",
    title        = "General Thrust Equation",
    howpublished = "Online",
    url          = "http://www.grc.nasa.gov/WWW/k-12/airplane/thrsteq.html"
}


@misc{forecastio,
    author       = "Forecast IO",
    title        = "Forecast io Time Machine",
    howpublished = "Online",
    url          = "http://forecast.io/"
}

@misc{uwyoming,
    author       = "University of Wyoming",
    title        = "Atmospheric Soundings",
	note	     = "University of Wyoming - Department of Atmospheric Science",
    howpublished = "Online",
    url          = "http://weather.uwyo.edu/upperair/sounding.html"
}

@misc{cavcarISA,
	author			=	"Mustafa Cavcar",
	title		    =	"Viscosity as a Function of Temperature",
	howpublished	=	"Online",
	month		    =	"September",
	year			=	"2006",
	note			=	"Anadolu University, 26470 Eskisehir, Turkey",
    url             =   "http://aerojet.engr.ucdavis.edu/fluenthelp/html/ug/node337.htm",
	key			    =	""
}

@misc{fluentinc,
	author			=	"Fluent Inc.",
	title		    =	"Viscosity as a function of Temperature",
	howpublished	=	"Online",
	month		    =	"September",
	year			=	"2009",
	note			=	"",
	key			    =	"",
	url				=	"http://aerojet.engr.ucdavis.edu/fluenthelp/html/ug/node337.htm"
}

@misc{labudde,
	author			=	"Edward V. LaBudde",
	title		    =	"A Design Procedure for Maximizing Altitude Performance",
	howpublished	=	"NARAM",
	month		    =	"August",
	year			=	"1999",
	note			=	"Anadolu University, 26470 Eskisehir, Turkey - http://aerojet.engr.ucdavis.edu/fluenthelp/html/ug/node337.htm",
	key			    =	"",
}


@misc{newsletter197,
	author			=	"Basics of Dynamic Flight Analysis Part 5 The Damping Ratio",
	title		    =	"Tim Van Milligan",
	howpublished	=	"Online",
	month		    =	"November 20",
	year			=	"2007",
	note			=	"Apogee Components",
	key			    =	"",
}

@misc{optics2004,
    title        = "Intro Optics PPT v1part 04.pdf",
    url          = "http://www.physics.umanitoba.ca/undergraduate/phys2260/Lectures/Intro\%20Optics\%20-\%20PPT\%20v1part\%2004.pdf",
    howpublished = "Online",
} 

@misc{crowell1996,
	author       = "Gary A. Crowell Sr.",
	title        = "The Descriptive Geometry of Nose Cones",
	howpublished = "Online",
	year         = "1996",
	url          = "https://web.archive.org/web/20110411143013/http://www.if.sc.usp.br/~projetosulfos/artigos/NoseCone_EQN2.PDF",
	key          = "",
}

@misc{code7700,
	author       = "Code 7700",
	title        = "Altimeter Temperature Correction",
	howpublished = "Online",
	month        = "March",
	year         = "2015",
	url          = "http://code7700.com/altimeter_temperature_correction.html",
	key          = "",
}

@article{galejs,
	author  = "Robert Galejs",
    title   = "What Barrowman Left Out",
	title   = "Calculating the Center of Pressure of a Model Rocket",
	year    = "1999",
	month   = "",
	journal = "",
	number  = "",
	volume  = "",
	pages   = "",
	note    = "",
    masid   = {11309400}
}

@article{gregorek,
	author 			    = 	"Dr. Gerald M. Gregorek",
	title				=	"Aerodynamic Drag of Model Rockets",
	year				=	"1970",
	month    			= 	"",
	journal			    =	"ESTES INDUSTRIES INC.",
	pages				=	"",
	note     			= 	"Technical Information Report - Catalog No. TIR-11",
}

@article{barrowman_report,
	author 			    = 	"James Barrowman",
	title				=	"The Theoretical Prediction of the Center of Pressure",
	year				=	"1966",
	month    			= 	"August",
	journal			    =	"NARAM-8",
	pages				=	"",
	note     			= 	"",
}


@article{barrowman,
	author 			    = 	"James Barrowman",
	title				=	"Calculating the Center of Pressure of a Model Rocket",
	year				=	"1998",
	month    			= 	"",
	journal			    =	"",
	pages				=	"",
	note     			= 	"Technical Information Report - Catalog No. TIR-33",
}

@article{box2009,
	author  = "Simon Box, Christopher M. Bishop, and Hugh Hunt",
	title   = "Estimating the dynamic and aerodynamic paramters of passively controlled high power rockets for flight simulaton",
	year    = "2009",
	month   = "February",
	journal = "",
	pages   = "",
	url     = "http://cambridgerocket.sourceforge.net/AerodynamicCoefficients.pdf",
}

@misc{nassaNoseCone,
	author       = "Nevada Aerospace Science Associates",
	title        = "Nose Cone Design",
	howpublished = "Online",
	year         = "2009",
    note         = "",
    url          = "http://rimworld.com/nassarocketry/pdfs/050-NOSE\%20CONE\%20DESIGN.pdf",
	key          = "",
}

@misc{ansysViscosity,
	author       = "Fluent Inc.",
	title        = "Viscosity as a Function of Temperature",
	howpublished = "Online",
	month        = "September",
	year         = "2006",
	url          = "http://aerojet.engr.ucdavis.edu/fluenthelp/html/ug/node337.htm",
	key          = "",
}

@misc{introquaternions,
	author       = "John Huerta",
	title        = "Introducing the Quaternions",
	howpublished = "Online",
	url          = "http://math.ucr.edu/~huerta/introquaternions.pdf",
	key          = "",
}

@book{mandell1973,
	author			    =	"Mandell, Gordon K., George J. Caporaso, and William P. Bengen.",
	title				=	"Topics in advanced model rocketry",
	publisher			=	"MIT Press",
	year				=	"1973",
	address		    	=	"Cambridge, Mass",
}

@book{munson2013,
	author			    =	"Munson, Okiishi, Huebsch, Rothmayer",
	title				=	"Munson Fundamentals of Fluid Mechanics",
	publisher			=	"John Wiley and Sons Inc",
	year				=	"2013",
	address		    	=	"Cambridge, Mass",
}

@mastersthesis{niskanen2013,
	author 			    = 	"Sampo Niskanen",
	title				=	"OpenRocket Technical Documentation (Development of an Open Source model rocket simulation software)",
}

@article{BoxBishopHunt11,
	author 			    = 	"Simon Box, Christopher M. Bishop, and Hugh Hunt",
	title				=	"Stochastic Six-Degree-of-Freedom Flight Simulator for Passively Controlled High-Power Rockets",
    journal             =   "J. Aerosp. Eng., 10.1061/(ASCE)AS.1943-5525.0000051, 31-45."
}
