@ARTICLE{Gepasi1993,
    Author         = {P. Mendes},
    Journal        = {Comput. Applic. Biosci.},
    Pages          = {563--571},
    Title          = {GEPASI: A software package for modelling the dynamics, steady states and control of biochemical and other systems.},
    Volume         = {9},
    Year           = {1993}
}
